<record><leader>00000cas a22000007a 4500</leader><controlfield tag="001">20569005</controlfield><controlfield tag="008">891030c19759999pauwr ne      0    0eng d</controlfield><datafield ind1=" " ind2=" " tag="010"><subfield code="a">sn 89077351 </subfield></datafield><datafield ind1=" " ind2=" " tag="040"><subfield code="a">NPH</subfield><subfield code="b">eng</subfield><subfield code="c">NPH</subfield><subfield code="d">OCLCQ</subfield></datafield><datafield ind1=" " ind2=" " tag="042"><subfield code="a">msc</subfield></datafield><datafield ind1="0" ind2="4" tag="245"><subfield code="a">The Advance of Bucks County.</subfield></datafield><datafield ind1=" " ind2=" " tag="260"><subfield code="a">Langhorne, Pa. :</subfield><subfield code="b">DVA Inc.,</subfield><subfield code="c">1975-</subfield></datafield><datafield ind1=" " ind2=" " tag="300"><subfield code="a">v. :</subfield><subfield code="b">ill. ;</subfield><subfield code="c">45 cm.</subfield></datafield><datafield ind1=" " ind2=" " tag="310"><subfield code="a">Weekly</subfield></datafield><datafield ind1="0" ind2=" " tag="362"><subfield code="a">Apr. 3, 1975-</subfield></datafield><datafield ind1=" " ind2=" " tag="515"><subfield code="a">Issues for &lt;Apr. 17, 1975&gt; called also &lt;98th yr., no. 51&gt;.</subfield></datafield><datafield ind1=" " ind2=" " tag="752"><subfield code="a">United States</subfield><subfield code="b">Pennsylvania</subfield><subfield code="c">Bucks</subfield><subfield code="d">Langhorne.</subfield></datafield><datafield ind1="0" ind2="0" tag="780"><subfield code="t">Delaware Valley advance (Langhorne, Pa.)</subfield><subfield code="w">(DLC)sn 89077332</subfield></datafield></record>